@online{amin2020dqn,
  author = {Amin, Samina},
  title  = {Deep Q-Learning (DQN)},
  year   = {2020},
  url    = {https://medium.com/@samina.amin/deep-q-learning-dqn-71c109586bae},
  note   = {Accessed: 2025-06-04}
}

@misc{budde2024tools,
  author = {Budde, J.},
  title  = {Residential load profile tools - A review and comparison of applied tools},
  year   = {2024},
  doi    = {10.25974/FHMS-17857}
}

@misc{bulling2024rnn,
  author = {Bulling, Andreas},
  title  = {Machine Perception and Learning – Lecture 4: Recurrent Neural Networks (RNNs)},
  year   = {2024},
  note   = {Lecture slides, University of Stuttgart, Winter Semester 2024/2025},
  url    = {https://www.collaborative-ai.org/}
}

@online{calzone2020lstm,
  author = {Calzone, Ottavio},
  title  = {An Intuitive Explanation of LSTM},
  year   = {2020},
  url    = {https://medium.com/@ottaviocalzone/an-intuitive-explanation-of-lstm-a035eb6ab42c},
  note   = {Accessed: 2025-06-04}
}

@article{dairi2020forecasting,
  author  = {Dairi, A. and Harrou, F. and Sun, Y. and Khadraoui, S.},
  title   = {Short-Term Forecasting of Photovoltaic Solar Power Production Using Variational Auto-Encoder Driven Deep Learning Approach},
  journal = {Applied Sciences},
  volume  = {10},
  number  = {23},
  year    = {2020},
  doi     = {10.3390/app10238400}
}

@misc{deepmind2017alphazero,
  author = {{DeepMind}},
  title  = {AlphaZero: Shedding new light on chess, shogi, and Go},
  year   = {2017},
  note   = {DeepMind Blog, accessed 2025-06-04},
  url    = {https://deepmind.google/discover/blog/alphazero-shedding-new-light-on-chess-shogi-and-go}
}

@misc{deepmind2025website,
  author = {{DeepMind}},
  title  = {DeepMind – Solving intelligence to advance science and benefit humanity},
  year   = {2025},
  note   = {Accessed: 2025-06-04},
  url    = {https://deepmind.google/}
}

@online{dhumne2019dqn,
  author = {Dhumne, Shruti},
  title  = {Deep Q-Network (DQN)},
  year   = {2019},
  url    = {https://medium.com/@shruti.dhumne/deep-q-network-dqn-90e1a8799871},
  note   = {Accessed: 2025-06-04}
}

@unpublished{funke2024discreteopt,
  author  = {Funke, Stefan},
  title   = {Discrete Optimization -- Lecture Notes},
  note    = {Course material, University of Stuttgart},
  year    = {2024},
  address = {Stuttgart, Germany}
}

@misc{googletrends2025,
  author = {{Google Trends}},
  title  = {Interés de búsqueda por "vehículo eléctrico" en España (2015-2025)},
  year   = {2025},
  note   = {Accedido el 3 de junio de 2025},
  url    = {https://trends.google.com}
}

@inproceedings{gu2019gan,
  author    = {Gu, Y. and Chen, Q. and Liu, K. and Xie, L. and Kang, C.},
  title     = {GAN-based Model for Residential Load Generation Considering Typical Consumption Patterns},
  booktitle = {2019 IEEE Power \& Energy Society Innovative Smart Grid Technologies Conference (ISGT)},
  pages     = {1--5},
  year      = {2019},
  doi       = {10.1109/ISGT.2019.8791575}
}

@article{harris2020numpy,
  author  = {Harris, C. R. and Millman, K. J. and van der Walt, S. J. and others},
  title   = {Array programming with NumPy},
  journal = {Nature},
  volume  = {585},
  number  = {7825},
  pages   = {357--362},
  year    = {2020}
}

@misc{huggingface2024mbrl,
  title = {Model Based Reinforcement Learning (MBRL) - Hugging Face Deep RL Course},
  year  = {2024},
  url   = {https://huggingface.co/learn/deep-rl-course/unitbonus3/model-based}
}

@misc{integrate2024mbrl,
  author = {integrate.ai},
  title  = {What is Model-Based Reinforcement Learning?},
  year   = {2024},
  url    = {https://medium.com/the-official-integrate-ai-blog/understanding-reinforcement-learning-93d4e34e5698}
}

@misc{kaggle_ev_charging_patterns,
  author       = {Khorasani, Vala},
  title        = {Electric Vehicle Charging Patterns},
  year         = {2023},
  howpublished = {\url{https://www.kaggle.com/datasets/valakhorasani/electric-vehicle-charging-patterns}},
  note         = {Accessed: 2025-06-04}
}

@inproceedings{kaur2021vae,
  author    = {Kaur, D. and Islam, S. N. and Mahmud, Md. A.},
  title     = {A Variational Autoencoder-Based Dimensionality Reduction Technique for Generation Forecasting in Cyber-Physical Smart Grids},
  booktitle = {2021 IEEE International Conference on Communications Workshops (ICC Workshops)},
  pages     = {1--6},
  year      = {2021},
  doi       = {10.1109/ICCWorkshops50388.2021.9473748}
}

@article{khenissi2021pso,
  author  = {Khenissi, I. and Sellami, R. and Fakhfakh, M. A. and Neji, R.},
  title   = {Power Loss Minimization Using Optimal Placement and Sizing of Photovoltaic Distributed Generation Under Daily Load Consumption Profile with PSO and GA Algorithms},
  journal = {Journal of Control, Automation and Electrical Systems},
  volume  = {32},
  number  = {5},
  pages   = {1317--1331},
  year    = {2021},
  doi     = {10.1007/s40313-021-00744-7}
}

@inproceedings{kim2018lstm,
  author    = {Kim, N. and Kim, M. and Choi, J. K.},
  title     = {LSTM Based Short-term Electricity Consumption Forecast with Daily Load Profile Sequences},
  booktitle = {2018 IEEE 7th Global Conference on Consumer Electronics (GCCE)},
  pages     = {136--137},
  year      = {2018},
  doi       = {10.1109/GCCE.2018.8574484}
}

@article{kim2024renewable,
  author  = {Kim, T. and Lee, D. and Hwangbo, S.},
  title   = {A deep-learning framework for forecasting renewable demands using variational auto-encoder and bidirectional long short-term memory},
  journal = {Sustainable Energy, Grids and Networks},
  volume  = {38},
  pages   = {101245},
  year    = {2024},
  doi     = {10.1016/j.segan.2023.101245}
}

@misc{lpg_screenshots_2025,
  author       = {Pflugradt, Noah},
  title        = {Load Profile Generator – Screenshots},
  year         = {2025},
  howpublished = {\url{https://www.loadprofilegenerator.de/screenshots/}},
  note         = {Capturas de pantalla accedidas el 4 de junio de 2025}
}

@misc{lpg2024tool,
  title = {LoadProfileGenerator},
  year  = {2024},
  note  = {Accessed: 2024-11-03},
  url   = {https://www.loadprofilegenerator.de/}
}

@misc{michaelis2024generative,
  author = {Michaelis, A. and others},
  title  = {Generative Artificial Intelligence in the Energy Sector},
  year   = {2024},
  doi    = {10.15495/EPUB_UBT_00007674}
}

@techreport{mnih2013dqn,
  author      = {Mnih, Volodymyr and Kavukcuoglu, Koray and Silver, David and Graves, Alex and Antonoglou, Ioannis and Wierstra, Daan and Riedmiller, Martin},
  title       = {Playing Atari with Deep Reinforcement Learning},
  institution = {DeepMind Technologies},
  year        = {2013},
  number      = {arXiv:1312.5602},
  url         = {https://arxiv.org/abs/1312.5602},
  note        = {Accessed: 2025-06-04}
}

@article{moradzadeh2022vae,
  author  = {Moradzadeh, A. and Moayyed, H. and Zare, K. and Mohammadi-Ivatloo, B.},
  title   = {Short-term electricity demand forecasting via variational autoencoders and batch training-based bidirectional long short-term memory},
  journal = {Sustainable Energy Technologies and Assessments},
  volume  = {52},
  pages   = {102209},
  year    = {2022},
  doi     = {10.1016/j.seta.2022.102209}
}

@misc{multiscale2024vae,
  title = {A Multi-Scale Electricity Consumption Prediction Algorithm Based on Time-Frequency Variational Autoencoder},
  year  = {2024},
  url   = {https://ieeexplore.ieee.org/abstract/document/9398679}
}

@inproceedings{paszke2019pytorch,
  author    = {Paszke, A. and Gross, S. and Massa, F. and others},
  title     = {PyTorch: An Imperative Style, High-Performance Deep Learning Library},
  booktitle = {Advances in Neural Information Processing Systems},
  year      = {2019},
  pages     = {8024--8035}
}

@phdthesis{pflugradt2020loadprofile,
  author = {Pflugradt, Noah},
  title  = {Load Profile Generator: Modeling of Synthetical Load Profiles},
  school = {Bern University of Applied Sciences},
  year   = {2020},
  url    = {https://www.loadprofilegenerator.de/}
}

@article{puglisi2016profiles,
  author  = {Puglisi, G. and Zanghirella, F. and Ungaro, P. and Cammarata, G.},
  title   = {A Methodology for the Generation of Energy Consumption Profiles in the Residential Sector},
  journal = {International Journal of Heat and Technology},
  volume  = {34},
  number  = {3},
  pages   = {491--497},
  year    = {2016},
  doi     = {10.18280/ijht.340320}
}

@misc{python2024language,
  author = {{Python Software Foundation}},
  title  = {Lenguaje de Programación Python},
  year   = {2024},
  url    = {https://www.python.org}
}

@article{quest2022indicator,
  author  = {Quest, H. and others},
  title   = {A 3D indicator for guiding AI applications in the energy sector},
  journal = {Energy and AI},
  volume  = {9},
  pages   = {100167},
  year    = {2022},
  doi     = {10.1016/j.egyai.2022.100167}
}

@misc{sandhaas2024industrial,
  author = {Sandhaas, A. and Kim, H. and De Jesús, C. and Hartmann, N.},
  title  = {Generation of Industrial Electricity and Heat Demand Profiles for Energy System Analysis},
  year   = {2024}
}

@misc{seita2019mbpo,
  author = {Seita, D.},
  title  = {Model-Based Reinforcement Learning: Theory and Practice},
  year   = {2019},
  url    = {http://bair.berkeley.edu/blog/2019/12/12/mbpo/}
}

@article{shahid2024vae,
  author  = {Shahid, Z. K. and Saguna, S. and Åhlund, C.},
  title   = {Variational Autoencoders for Anomaly Detection and Transfer Knowledge in Electricity and District Heating Consumption},
  journal = {IEEE Transactions on Industrial Applications},
  volume  = {60},
  number  = {5},
  pages   = {7437--7450},
  year    = {2024},
  doi     = {10.1109/TIA.2024.3425805}
}

@book{sutton2018reinforcement,
  author    = {Richard S. Sutton and Andrew G. Barto},
  title     = {Reinforcement Learning: An Introduction},
  year      = {2018},
  edition   = {2},
  publisher = {MIT Press},
  url       = {https://web.stanford.edu/class/psych209/Readings/SuttonBartoIPRLBook2ndEd.pdf}
}

@inproceedings{takiddin2020ami,
  author    = {Takiddin, A. and Ismail, M. and Zafar, U. and Serpedin, E.},
  title     = {Variational Auto-encoder-based Detection of Electricity Stealth Cyber-attacks in AMI Networks},
  booktitle = {28th European Signal Processing Conference (EUSIPCO)},
  address   = {Amsterdam, Netherlands},
  year      = {2020},
  pages     = {1590--1594},
  doi       = {10.23919/Eusipco47968.2020.9287764}
}

@article{truong2021occupancy,
  author  = {Truong, L. H. M. and others},
  title   = {Accurate Prediction of Hourly Energy Consumption in a Residential Building Based on the Occupancy Rate Using Machine Learning Approaches},
  journal = {Applied Sciences},
  volume  = {11},
  number  = {5},
  year    = {2021},
  doi     = {10.3390/app11052229}
}

@misc{umay2024llms,
  author = {Umay, Kadri},
  title  = {Use Cases for Foundation Models (aka LLMs) in the Energy Industry},
  year   = {2024},
  note   = {Accessed: 2024-10-14},
  url    = {https://www.linkedin.com/pulse/use-cases-foundation-models-aka-llms-energy-industry-kadri-umay/}
}

@article{virtanen2020scipy,
  author  = {Virtanen, P. and Gommers, R. and Oliphant, T. E. and others},
  title   = {SciPy 1.0: Fundamental algorithms for scientific computing in Python},
  journal = {Nature Methods},
  volume  = {17},
  pages   = {261--272},
  year    = {2020}
}

@misc{wang2019benchmarking,
  author = {Wang, T. and others},
  title  = {Benchmarking Model-Based Reinforcement Learning},
  year   = {2019},
  note   = {arXiv:1907.02057},
  url    = {http://arxiv.org/abs/1907.02057}
}

@online{wang2022nn_drl,
  author = {Wang, Chloe E.},
  title  = {A Look into Neural Networks and Deep Reinforcement Learning},
  year   = {2022},
  url    = {https://chloeewang.medium.com/a-look-into-neural-networks-and-deep-reinforcement-learning-2d5a9baef3e3},
  note   = {Accessed: 2025-06-04}
}

@article{watkins1992qlearning,
  author    = {Watkins, Christopher J. C. H. and Dayan, Peter},
  title     = {Q-learning},
  journal   = {Machine Learning},
  volume    = {8},
  number    = {3–4},
  pages     = {279--292},
  year      = {1992},
  publisher = {Springer},
  doi       = {10.1007/BF00992698},
  url       = {https://link.springer.com/article/10.1007/BF00992698}
}

@misc{weng2021diffusion,
  author = {Weng, Lilian},
  title  = {What are Diffusion Models?},
  year   = {2021},
  note   = {Accessed: 2024-10-16},
  url    = {https://lilianweng.github.io/posts/2021-07-11-diffusion-models/}
}

@misc{wikipedia2025optimizacion,
  author = {{Wikipedia contributors}},
  title  = {Optimización (matemática)},
  year   = {2025},
  note   = {Wikipedia, la enciclopedia libre. Consultado el 4 de junio de 2025},
  url    = {https://es.wikipedia.org/wiki/Optimizacion_(matematica)}
}

@misc{willcocks2024lecture,
  author = {Willcocks, C. G.},
  title  = {Reinforcement Learning - Lecture 9: Model-based methods},
  year   = {2024}
}

@online{wright2025optimization,
  author       = {Wright, Stephen J.},
  title        = {optimization},
  year         = {2025},
  month        = apr,
  day          = {3},
  organization = {Encyclopedia Britannica},
  url          = {https://www.britannica.com/science/optimization},
  note         = {Accessed: 2025-06-04}
}

@misc{xia2024flow,
  author = {Xia, W. and Wang, C. and Palensky, P. and Vergara, P. P.},
  title  = {A Flow-Based Model for Conditional and Probabilistic Electricity Consumption Profile Generation and Prediction},
  year   = {2024},
  note   = {arXiv:2405.02180},
  url    = {http://arxiv.org/abs/2405.02180}
}

@article{xiao2022gan,
  author  = {Xiao, Z.},
  title   = {Generative Adversarial Network and Its Application in Energy Internet},
  journal = {Mathematical Problems in Engineering},
  volume  = {2022},
  pages   = {1--7},
  year    = {2022},
  doi     = {10.1155/2022/9985522}
}

@article{yao2005energy,
  author  = {Yao, R. and Steemers, K.},
  title   = {A method of formulating energy load profile for domestic buildings in the UK},
  journal = {Energy and Buildings},
  volume  = {37},
  number  = {6},
  pages   = {663--671},
  year    = {2005},
  doi     = {10.1016/j.enbuild.2004.09.007}
}

@article{yilmaz2023gan,
  author  = {Yilmaz, B.},
  title   = {A scenario framework for electricity grid using Generative Adversarial Networks},
  journal = {Sustainable Energy, Grids and Networks},
  volume  = {36},
  pages   = {101157},
  year    = {2023},
  doi     = {10.1016/j.segan.2023.101157}
}

@misc{gurobi2024,
  author = {{Gurobi Optimization, LLC}},
  title  = {Gurobi Optimizer Reference Manual},
  year   = {2024},
  url    = {https://www.gurobi.com}
}

@misc{pyomo2024,
  author = {{Pyomo Developers}},
  title  = {Pyomo Optimization Modeling in Python},
  year   = {2024},
  note   = {Version 6.7.0, accessed 2024-06-04},
  url    = {https://pyomo.org/}
}

@misc{pvpc_csv_2024,
  author       = {Red Eléctrica de España},
  title        = {Término de facturación de energía activa del PVPC 2.0TD (exportación CSV)},
  year         = {2024},
  howpublished = {\url{https://www.esios.ree.es/}}, 
  note         = {Fichero descargado el 31 de mayo de 2025, correspondiente a datos de facturación eléctrica del mercado regulado español PVPC.}
}

@article{altman1992knn,
  author  = {Altman, Naomi S.},
  title   = {An Introduction to Kernel and Nearest-Neighbor Nonparametric Regression},
  journal = {The American Statistician},
  volume  = {46},
  number  = {3},
  pages   = {175--185},
  year    = {1992},
  doi     = {10.1080/00031305.1992.10475879}
}

@article{lloyd1982kmeans,
  author  = {Lloyd, Stuart P.},
  title   = {Least squares quantization in PCM},
  journal = {IEEE Transactions on Information Theory},
  volume  = {28},
  number  = {2},
  pages   = {129--137},
  year    = {1982},
  doi     = {10.1109/TIT.1982.1056489}
}